<?xml version="1.0" encoding="UTF-8"?><collection xmlns="http://www.loc.gov/MARC21/slim"><record><leader>00304nam--2200121-i-4500</leader><controlfield tag="001">000048996</controlfield><controlfield tag="002">20161230</controlfield><controlfield tag="005">20161230201047</controlfield><controlfield tag="008">060222s1000------------r-----000-0-eng-d</controlfield><datafield ind1=" " ind2=" " tag="100"><subfield code="a">Akimov,G.V</subfield></datafield><datafield ind1=" " ind2=" " tag="245"><subfield code="a">Korrozionno-ustalostnaia prochnost stali</subfield></datafield><datafield ind1=" " ind2=" " tag="260"><subfield code="a">Moskva, Mashgiz, 1953. 178/-180/S</subfield></datafield><datafield ind1=" " ind2=" " tag="852"><subfield code="a">2410</subfield></datafield></record></collection>